@article{Frichot_2015,
  title={{LEA}: an {R} package for {L}andscape and {E}cological {A}ssociation studies},
  author={Frichot, E and Francois, O.},
  journal={submitted},
  volume={},
  number={},
  pages={},
  year={2015}
}

@article{Currat_2004,
  title={{SPLATCHE}: a program to simulate genetic diversity taking into account environmental heterogeneity},
  author={Currat, M and Ray, N and Excoffier, L.},
  journal={Mol Ecol Notes},
  volume={4},
  number={1},
  pages={139--142},
  year={2004},
  publisher={Wiley Online Library}
}


@article{Devlin_1999,
  title={Genomic control for association studies},
  author={Devlin, B and Roeder, K.},
  journal={Biometrics},
  volume={55},
  number={4},
  pages={997--1004},
  year={1999},
  publisher={Wiley Online Library}
}

@article{Liptak_1958,
  title={On the combination of independent tests},
  author={Liptak, T.},
  journal={Magyar Tud Akad Mat Kutato Int Kozl},
  volume={3},
  pages={171--197},
  year={1958}
}


@article{Jaakkola_2000,
  title={Bayesian parameter estimation via variational methods},
  author={Jaakkola, TS and Jordan, MI.},
  journal={Stat Comp.},
  volume={10},
  number={1},
  pages={25--37},
  year={2000},
  publisher={Springer}
}

@article{Frichot_2014,
  title={Fast and efficient estimation of individual ancestry coefficients},
  author={Frichot, E and Mathieu, F and Trouillon, T and Bouchard, G and Fran{\c{c}}ois, O.},
  journal={Genetics},
  volume={196},
  number={4},
  pages={973--983},
  year={2014},
  publisher={Genetics Society of America}
}

@article{Tibshirani_1996,
  title={Regression shrinkage and selection via the lasso},
  author={Tibshirani, R.},
  journal={J R Stat Soc B},
  pages={267--288},
  year={1996},
  publisher={JSTOR}
}


@article{Hoerl_1970,
  title={Ridge regression: Biased estimation for nonorthogonal problems},
  author={Hoerl, AE and Kennard, RW.},
  journal={Technometrics},
  volume={12},
  number={1},
  pages={55--67},
  year={1970},
  publisher={Taylor \& Francis Group}
}


@inproceedings{Tikhonov_1943,
  title={On the stability of inverse problems},
  author={Tikhonov, AN.},
  booktitle={Dokl. Akad. Nauk SSSR},
  volume={39},
  pages={195--198},
  year={1943}
}

@article{Lee_2010,
  title={Convergence and prediction of principal component scores in high-dimensional settings},
  author={Lee, S and Zou, F and Wright, FA.},
  journal={Ann Stat.},
  volume={38},
  number={6},
  pages={3605},
  year={2010},
  publisher={NIH Public Access}
}


@article{duforet_2014b,
  title={Genome scans for detecting footprints of local adaptation using a Bayesian factor model},
  author={Duforet-Frebourg, N and Bazin, E and Blum, MGB.},
  journal={Mol Biol Evol.},
  pages={msu182},
  year={2014},
  publisher={SMBE}
}


@article{Anderson_1984,
  title={Statistical inference in factor analysis},
  author={Anderson, JC and Gerbing, DW.},
  journal={Psychometrika},
  volume={49},
  pages={155--173},
  year={1984}
}


@article{Foll_2008,
  title={A genome-scan method to identify selected loci appropriate for both dominant and codominant markers: a bayesian perspective},
  author={Foll, M and Gaggiotti, O.},
  journal={Genetics},
  volume={180},
  number={2},
  pages={977--993},
  year={2008},
  publisher={Genetics Soc America}
}


@article{Delvin_1999,
  title={Genomic control for association studies},
  author={Devlin, B and Roeder, K.},
  journal={Biometrics},
  volume={55},
  number={4},
  pages={997--1004},
  year={1999},
  publisher={Wiley Online Library}
}


@article{Duforet_2014,
  title={Nonstationary patterns of isolation-by-distance: inferring measures of local genetic differentiation with bayesian kriging},
  author={Duforet-Frebourg, N and Blum, MGB},
  journal={Evolution},
  volume={68},
  number={4},
  pages={1110--1123},
  year={2014},
  publisher={Wiley Online Library}
}

@incollection{Raiko_2007,
  title={Principal component analysis for large scale problems with lots of missing values},
  author={Raiko, T and Ilin, A and Karhunen, J.},
  booktitle={Lect Notes Artif Int.},
  pages={691--698},
  year={2007},
  publisher={Springer}
}

@inproceedings{Nakajima_2011,
  title={Global solution of fully-observed variational Bayesian matrix factorization is column-wise independent},
  author={Nakajima, S and Sugiyama, M and Babacan, SD.},
  booktitle={Adv Neur In},
  pages={208--216},
  year={2011}
}

@article{Chung_2013,
  title={Statistical significance of variables driving systematic variation},
  author={Chung, NC and Storey, JD.},
  journal={arXiv preprint arXiv:1308.6013},
  year={2013}
}

@article{Chen_2006,
  title={Fastruct: model-based clustering made faster},
  author={Chen, C and Forbes, F and Fran{\c{c}}ois, O.},
  journal={Mol Ecol Notes},
  volume={6},
  number={4},
  pages={980--983},
  year={2006},
  publisher={Wiley Online Library}
}

@article{Dunn_1961,
  title={Multiple comparisons among means},
  author={Dunn, OJ.},
  journal={J Am Stat Assoc.},
  volume={56},
  number={293},
  pages={52--64},
  year={1961},
  publisher={Taylor \& Francis Group}
}

@article{Pearson_1901,
  title={LIII. On lines and planes of closest fit to systems of points in space},
  author={Pearson, K.},
  journal={London, Edinburgh, Dublin Philos Mag J Sci.},
  volume={2},
  number={11},
  pages={559--572},
  year={1901},
  publisher={Taylor \& Francis}
}

@book{Kruskal_1978,
  title={Multidimensional scaling},
  author={Kruskal, JB.},
  year={1978},
  publisher={Sage University Paper series on Quantitative Application in the Social Sciences},
  pages={07--011}

}

@article{Johnstone_2001,
  title={On the distribution of the largest eigenvalue in principal components analysis},
  author={Johnstone, IM.},
  journal={Ann Stat.},
  volume={29},
  number={2},
  pages={295--327},
  year={2001},
  publisher={JSTOR}
}

@article{Slatkin_1991,
  title={Spatial autocorrelation methods in population genetics},
  author={Slatkin, M and Arter, HE.},
  journal={Am Nat.},
  volume={138},
  number={2},
  pages={499--517},
  year={1991},
  publisher={JSTOR}
}

@article{Price_2010,
  title={New approaches to population stratification in genome-wide association studies},
  author={Price, AL and Zaitlen, NA and Reich, D and Patterson, N.},
  journal={Nat Rev Genet.},
  volume={11},
  number={7},
  pages={459--463},
  year={2010},
  publisher={Nature Publishing Group}
}

@article{Zhou_2013,
  title={Polygenic modeling with Bayesian sparse linear mixed models},
  author={Zhou, X and Carbonetto, P and Stephens, M.},
  journal={PLoS Genet.},
  volume={9},
  number={2},
  pages={e1003264},
  year={2013},
  publisher={Public Library of Science}
}

@article{Lippert_2011,
  title={FaST linear mixed models for genome-wide association studies},
  author={Lippert, C and Listgarten, J and Liu, Y and Kadie, CM and Davidson, RI and Heckerman, D.},
  journal={Nat Methods},
  volume={8},
  number={10},
  pages={833--835},
  year={2011},
  publisher={Nature Publishing Group}
}

@article{Zhang_2010,
  title={Mixed linear model approach adapted for genome-wide association studies},
  author={Zhang, Z and Ersoz, E and Lai, CQ and Todhunter, RJ and Tiwari, HK and Gore, MA and Bradbury, PJ and Yu, J and Arnett, DK and Ordovas, JM and others},
  journal={Nat Genet.},
  volume={42},
  number={4},
  pages={355--360},
  year={2010},
  publisher={Nature Publishing Group}
}

@article{Kang_2010,
  title={Variance component model to account for sample structure in genome-wide association studies},
  author={Kang, HM and Sul, JH and Service, SK and Zaitlen, NA and Kong, SY and Freimer, NB and Sabatti, C and Eskin, E and others},
  journal={Nat Genet.},
  volume={42},
  number={4},
  pages={348--354},
  year={2010},
  publisher={Nature Publishing Group}
}

@article{Kang_2008,
  title={Efficient control of population structure in model organism association mapping},
  author={Kang, HM and Zaitlen, NA and Wade, CM and Kirby, A and Heckerman, D and Daly, MJ and Eskin, E.},
  journal={Genetics},
  volume={178},
  number={3},
  pages={1709--1723},
  year={2008},
  publisher={Genetics Soc America}
}

@article{Abney_2002,
  title={Quantitative-trait homozygosity and association mapping and empirical genomewide significance in large, complex pedigrees: fasting serum-insulin level in the Hutterites},
  author={Abney, M and Ober, C and McPeek, MS.},
  journal={Am J Hum Genet.},
  volume={70},
  number={4},
  pages={920--934},
  year={2002},
  publisher={Elsevier}
}

@article{Tracy_1994,
  title={Level spacing distributions and the Bessel kernel},
  author={Tracy, CA and Widom, H.},
  journal={Commun Math Phys.},
  volume={161},
  number={2},
  pages={289--309},
  year={1994},
  publisher={Springer}
}

@article{Legendre_2000,
  title={Comparison of permutation methods for the partial correlation and partial {M}antel tests},
  author={Legendre, P.},
  journal={J Stat Comput Sim.},
  volume={67},
  number={1},
  pages={37--73},
  year={2000},
  publisher={Taylor \& Francis}
}

@article{Lawson_2012b,
  title={Population identification using genetic data.},
  author={Lawson, DJ and Falush, D.},
  journal={Ann Rev Genom Hum G.},
  volume={13},
  pages={337--361},
  year={2011}
}

@article{Blair_2014,
  title={On the stability of the {B}ayenv method in assessing human {SNP}-environment associations},
  author={Blair, LM and Granka, JM and Feldman, MW.},
  journal={Hum Genomics},
  volume={8},
  number={1},
  pages={1},
  year={2014},
  publisher={BioMed Central Ltd}
}

@article{Stucki_2014,
  title={High performance computation of landscape genomic models integrating local indices of spatial association},
  author={Stucki, S and Orozco-terWengel, P and Bruford, MW and Colli, L and Masembe, C and Negrini, R and Taberlet, P and Joost, S and others},
  journal={arXiv preprint arXiv:1405.7658},
  year={2014}
}

@article{Kort_2014,
  title={Landscape genomics and a common garden trial reveal adaptive differentiation to temperature across Europe in the tree species {\it Alnus glutinosa}},
  author={Kort, H and Vandepitte, K and Bruun, HH and Closset-Kopp, D and Honnay, O and Mergeay, J.},
  journal={Mol Ecol.},
  volume={doi: 10.1111/mec.12813},
  year={2014},
  publisher={Wiley Online Library}
}

@article{Zueva_2014,
  title={Footprints of directional selection in wild atlantic salmon populations: evidence for parasite-driven evolution?},
  author={Zueva, KJ and Lumme, J and Veselov, AE and Kent, MP and Lien, Sigbj{\o}rn and Primmer, CR.},
  journal={PloS one},
  volume={9},
  number={3},
  pages={e91672},
  year={2014},
  publisher={Public Library of Science}
}


@article{Falush_2003,
  title={Inference of population structure using multilocus genotype data: linked loci and correlated allele frequencies},
  author={Falush, D and Stephens, M and Pritchard, JK.},
  journal={Genetics},
  volume={164},
  number={4},
  pages={1567--1587},
  year={2003},
  publisher={Genetics Soc America}
}

@article{Falush_2007,
  title={Inference of population structure using multilocus genotype data: dominant markers and null alleles},
  author={Falush, D and Stephens, M and Pritchard, JK.},
  journal={Mol Ecol Notes},
  volume={7},
  number={4},
  pages={574--578},
  year={2007},
  publisher={Wiley Online Library}
}

@article{Hubisz_2009,
  title={Inferring weak population structure with the assistance of sample group information},
  author={Hubisz, MJ and Falush, D and Stephens, M and Pritchard, JK.},
 journal={Mol Ecol Resour.},
  volume={9},
  number={5},
  pages={1322--1332},
  year={2009},
  publisher={Wiley Online Library}
}

@article{Wu_2006,
  title={PSMIX: an R package for population structure inference via maximum likelihood method},
  author={Wu, B and Liu, N and Zhao, H.},
  journal={BMC bioinformatics},
  volume={7},
  number={1},
  pages={317},
  year={2006},
  publisher={BioMed Central Ltd}
}

@article{Raj_2014,
  title={Variational Inference of Population Structure in Large SNP Datasets},
  author={Raj, A and Stephens, M and Pritchard, JK.},
  journal={Genetics},
  volume={114},
  pages={164350},
  year={2014},
  publisher={Genetics Soc America}
}

@article{Spiegelhalter_2002,
  title={Bayesian measures of model complexity and fit},
  author={Spiegelhalter, DJ and Best, NG and Carlin, BP and Van Der Linde, A.},
  journal={J R Stat Soc B.},
  volume={64},
  number={4},
  pages={583--639},
  year={2002},
  publisher={Wiley Online Library}
}

@book{cavalli-Sforza_1971,
  title={The genetics of human populations},
  author={Cavalli-Sforza, LL and Bodmer, WF.},
  year={1971},
  publisher={New York (NY): Courier Dover Publications}
}

@article{Koren_2009,
  title={Matrix factorization techniques for recommender systems},
  author={Koren, Y and Bell, R and Volinsky, C.},
  journal={Computer},
  volume={42},
  number={8},
  pages={30--37},
  year={2009},
  publisher={Institute of Electrical and Electronics Engineers, Inc., 3 Park Avenue, 17 th Fl New York NY 10016-5997 United States}
}

@article{Nicholson_2002,
  title={Assessing population differentiation and isolation from single-nucleotide polymorphism data},
  author={Nicholson, G and Smith, AV and J{\'o}nsson, F and G{\'u}stafsson, {\'O} and Stef{\'a}nsson, K and Donnelly, P.},
  journal={J R Stat Soc B},
  volume={64},
  number={4},
  pages={695--715},
  year={2002},
  publisher={Wiley Online Library}
}

@article{Storey_2002,
  title={A direct approach to false discovery rates},
  author={Storey, JD.},
  journal={J R Stat Soc B},
  volume={64},
  number={3},
  pages={479--498},
  year={2002},
  publisher={Wiley Online Library}
}

@article{Slatkin_1995,
  title={A measure of population subdivision based on microsatellite allele frequencies.},
  author={Slatkin, M.},
  journal={Genetics},
  volume={139},
  number={1},
  pages={457--462},
  year={1995},
  publisher={Genetics Soc America}
}

@article{Weigel_2009,
  title={The 1001 genomes project for \textit{{A}rabidopsis thaliana}},
  author={Weigel, D and Mott, R.},
  journal={Genome Biol.},
  volume={10},
  number={5},
  pages={107},
  year={2009}
}

@article{Arabidopsis_2000,
  title={Analysis of the genome sequence of the flowering plant \textit{{A}rabidopsis thaliana}.},
  author={{Arabidopsis Genome Initiative}.},
  journal={Nature},
  volume={408},
  number={6814},
  pages={796},
  year={2000}
}

@article{Segelbacher_2010,
  title={Applications of landscape genetics in conservation biology: concepts and challenges},
  author={Segelbacher, G and Cushman, SA and Epperson, BK and Fortin, MJ and Francois, O and Hardy, OJ and Holderegger, R and Taberlet, P and Waits, LP and Manel, S.},
  journal={Conserv Genet.},
  volume={11},
  number={2},
  pages={375--385},
  year={2010},
  publisher={Springer}
}

@article{Roberts_1965,
  title={Methods of analysis of the genetic composition of a hybrid population},
  author={Roberts, DF and Hiorns, RW},
  journal={Hum Biol.},
  volume={37},
  number={1},
  pages={38--43},
  year={1965},
  publisher={JSTOR}
}

@article{Parry_2013,
  title={A fast least-squares algorithm for population inference},
  author={Parry, RM and Wang, MD.},
  journal={BMC bioinformatics},
  volume={14},
  number={1},
  pages={28},
  year={2013},
  publisher={BioMed Central Ltd}
}

@article{Lee_1999,
  title={Learning the parts of objects by non-negative matrix factorization},
  author={Lee, DD and Seung, HS.},
  journal={Nature},
  volume={401},
  number={6755},
  pages={788--791},
  year={1999},
  publisher={Nature Publishing Group}
}

@article{Jakobsson_2007,
  title={{CLUMPP}: a cluster matching and permutation program for dealing with label switching and multimodality in analysis of population structure},
  author={Jakobsson, M and Rosenberg, NA.},
  journal={Bioinformatics},
  volume={23},
  number={14},
  pages={1801--1806},
  year={2007},
  publisher={Oxford Univ Press}
}

@article{Kim_2007,
  title={Sparse non-negative matrix factorizations via alternating non-negativity-constrained least squares for microarray data analysis},
  author={Kim, H and Park, H.},
  journal={Bioinformatics},
  volume={23},
  number={12},
  pages={1495--1502},
  year={2007},
  publisher={Oxford Univ Press}
}

@article{Ding_2008,
  title={On the equivalence between non-negative matrix factorization and probabilistic latent semantic indexing},
  author={Ding, C and Li, T and Peng, W.},
  journal={Comput Stat Data An},
  volume={52},
  number={8},
  pages={3913--3927},
  year={2008},
  publisher={Elsevier}
}

@article{Brunet_2004,
  title={Metagenes and molecular pattern discovery using matrix factorization},
  author={Brunet, JP and Tamayo, P and Golub, TR and Mesirov, JP.},
  journal={P Natl Acad Sci.},
  volume={101},
  number={12},
  pages={4164--4169},
  year={2004},
  publisher={National Acad Sciences}
}

@article{Berry_2007,
  title={Algorithms and applications for approximate nonnegative matrix factorization},
  author={Berry, MW and Browne, M and Langville, AN and Pauca, VP and Plemmons, RJ.},
  journal={Comput Stat Data An.},
  volume={52},
  number={1},
  pages={155--173},
  year={2007},
  publisher={Elsevier}
}

@article{Tang_2005,
  title={Estimation of individual admixture: analytical and study design considerations},
  author={Tang, H and Peng, J and Wang, P and Risch, NJ.},
  journal={Genet Epidemiol.},
  volume={28},
  number={4},
  pages={289--301},
  year={2005},
  publisher={Wiley Online Library}
}

@article{Pritchard_2000b,
  title={Association mapping in structured populations},
  author={Pritchard, JK and Stephens, M and Rosenberg, NA and Donnelly, P.},
  journal={Am J Hum Genet.},
  volume={67},
  number={1},
  pages={170--181},
  year={2000},
  publisher={Elsevier}
}

@article{Pritchard_2000a,
  title={Inference of population structure using multilocus genotype data},
  author={Pritchard, JK and Stephens, M and Donnelly, P.},
  journal={Genetics},
  volume={155},
  number={2},
  pages={945--959},
  year={2000},
  publisher={Genetics Soc America}
}

@article{Woodard_2013,
  title={Latent factor regression models for grouped outcomes},
  author={Woodard, DB and Love, TMT and Thurston, SW and Ruppert, D and Sathyanarayana, S and Swan, SH},
  journal={Biometrics},
  volume={69},
  number={3},
  pages={785--794},
  year={2013},
  publisher={Wiley Online Library}
}

@article{Sanchez_2005,
  title={Structural equation models: a review with applications to environmental epidemiology},
  author={S{\'a}nchez, BN and Budtz-J{\o}rgensen, E and Ryan, LM and Hu, H.},
  journal={J Am Stat Assoc.},
  volume={100},
  number={472},
  pages={1443--1455},
  year={2005},
  publisher={Taylor \& Francis}
}

@article{Sammel_1996,
  title={Latent variable models with fixed effects},
  author={Sammel, MD and Ryan, LM.},
  journal={Biometrics},
  volume={52},
  pages={650--663},
  year={1996},
  publisher={JSTOR}
}

@article{Francois_2008,
  title={Demographic history of European populations of \textit{{A}rabidopsis thaliana}},
  author={Fran{\c{c}}ois, O and Blum, Michael GB and Jakobsson, M and Rosenberg, NA.},
  journal={PLoS Genet.},
  volume={4},
  number={5},
  pages={e1000075},
  year={2008},
  publisher={Public Library of Science}
}

@article{1000Genomes_2012,
  title={An integrated map of genetic variation from 1,092 human genomes},
  author={{1000 Genomes Project Consortium}.},
  journal={Nature},
  volume={491},
  number={7422},
  pages={56--65},
  year={2012},
  publisher={Nature Publishing Group}
}

@article{Kim_2011,
  title={Fast nonnegative matrix factorization: an active-set-like method and comparisons},
  author={Kim, J and Park, H.},
  journal={SIAM J Sci Comput.},
  volume={33},
  number={6},
  pages={3261--3281},
  year={2011},
  publisher={SIAM}
}

@article{Alexander_2009,
  title={Fast model-based estimation of ancestry in unrelated individuals},
  author={Alexander, DH and Novembre, J and Lange, K.},
  journal={Genome Res.},
  volume={19},
  number={9},
  pages={1655--1664},
  year={2009},
  publisher={Cold Spring Harbor Lab}
}

@book{McCullagh_1989,
  title={Generalized linear models.},
  author={McCullagh, P and Nelder, JA.},
  year={1989},
  publisher={London: Chapman and Hall.}
}

@article{Atwell_2010,
  title={Genome-wide association study of 107 phenotypes in \textit{{A}rabidopsis thaliana} inbred lines},
  author={Atwell, S and Huang, YS and Vilhj{\'a}lmsson, BJ and Willems, G and Horton, M and Li, Y and Meng, D and Platt, A and Tarone, AM and Hu, TT and others},
  journal={Nature},
  volume={465},
  number={7298},
  pages={627--631},
  year={2010},
  publisher={Nature Publishing Group}
}

@article{Villemereuil_2014,
  title={Genome scan methods against more complex models: when and how much should we trust them?},
  author={{De Villemereuil}, P and Frichot, E and Bazin, E and Fran{\c{c}}ois, O and Gaggiotti, OE.},
  journal={Mol Ecol.},
  volume={23},
  number={8},
  pages={2006--2019},
  year={2014},
  publisher={Wiley Online Library}
}

@article{Marchini_2004,
  title={The effects of human population structure on large genetic association studies},
  author={Marchini, J and Cardon, LR and Phillips, MS and Donnelly, P.},
  journal={Nat Genet.},
  volume={36},
  number={5},
  pages={512--517},
  year={2004},
  publisher={Nature Publishing Group}
}

@article{Evanno_2005,
  title={Detecting the number of clusters of individuals using the software {STRUCTURE}: a simulation study},
  author={Evanno, G and Regnaut, S and Goudet, J.},
  journal={Mol Ecol.},
  volume={14},
  number={8},
  pages={2611--2620},
  year={2005},
  publisher={Wiley Online Library}
}

@article{Nakajima_2013,
  title={Global analytic solution of fully-observed variational Bayesian matrix factorization},
  author={Nakajima, S and Sugiyama, M and Babacan, SD and Tomioka, R.},
  journal={J Mach Learn Res.},
  volume={14},
  number={1},
  pages={1--37},
  year={2013},
  publisher={JMLR. org}
}

@inproceedings{Seeger_2012,
  title={Fast variational Bayesian inference for non-conjugate matrix factorization models},
  author={Seeger, M and Bouchard, G.},
  booktitle={Aistats},
  nu={EPFL-CONF-174931},
  year={2012}
}

@article{Balding_1995,
  title={A method for quantifying differentiation between populations at multi-allelic loci and its implications for investigating identity and paternity},
  author={Balding, DJ and Nichols, RA.},
  journal={Genetica},
  volume={96},
  number={1--2},
  pages={3--12},
  year={1995},
}

@article{Sokal_1978,
  title={Spatial autocorrelation in biology: 1. Methodology},
  author={Sokal, RR and Oden, NL.},
  journal={Biol J Lin Soc.},
  volume={10},
  number={2},
  pages={199--228},
  year={1978},
  publisher={Wiley Online Library}
}

@article{Cardon_2001,
  title={Association study designs for complex diseases},
  author={Cardon, LR and Bell, JI.},
  journal={Nat Rev Genet.},
  volume={2},
  number={2},
  pages={91--99},
  year={2001},
  publisher={Nature Publishing Group}
}

@article{Gunther_2013,
  title={Robust identification of local adaptation from allele frequencies},
  author={G{\"u}nther, T and Coop, G.},
  journal={Genetics},
  volume={195},
  number={1},
  pages={205--220},
  year={2013},
  publisher={Genetics Soc America}
}

@article{Carl_2007,
  title={Analyzing spatial autocorrelation in species distributions using Gaussian and logit models},
  author={Carl, G and K{\"u}hn, I.},
  journal={Ecol Model.},
  volume={207},
  number={2},
  pages={159--170},
  year={2007},
  publisher={Elsevier}
}

@article{Benjamini_1995,
  title={Controlling the false discovery rate: a practical and powerful approach to multiple testing},
  author={Benjamini, Y and Hochberg, Y.},
  journal={J R Stat Soc B Met.},
  pages={289--300},
  year={1995},
  publisher={JSTOR}
}

@article{Johnson_2013,
  title={Revised standards for statistical evidence},
  author={Johnson, VE.},
  journal={P Natl A Sci.},
  volume={110},
  number={48},
  pages={19313--19317},
  year={2013},
  publisher={National Acad Sciences}
}

@article{Belle_2007,
  title={Worldwide analysis of multiple microsatellites: language diversity has a detectable influence on {DNA} diversity},
  author={Belle, E and Barbujani, G.},
  journal={Am J Phys Anthropol.},
  volume={133},
  number={4},
  pages={1137--1146},
  year={2007},
  publisher={Wiley Online Library}
}

@article{Mantel_1967,
  title={The detection of disease clustering and a generalized regression approach},
  author={Mantel, N.},
  journal={Cancer Res.},
  volume={27},
  number={2 Part 1},
  pages={209--220},
  year={1967},
  publisher={AACR}
}


@article{Aulchenko_2007,
  title={{GenABEL: an R} library for genome-wide association analysis},
  author={Aulchenko, YS and Ripke, S and Isaacs, A and Van Duijn, CM.},
  journal={Bioinformatics},
  volume={23},
  number={10},
  pages={1294--1296},
  year={2007},
  publisher={Oxford Univ Press}
}


@article{Nyholt_2004,
  title={A simple correction for multiple testing for single-nucleotide polymorphisms in linkage disequilibrium with each other},
  author={Nyholt, DR.},
  journal={Am J Hum Genet.},
  volume={74},
  number={4},
  pages={765--769},
  year={2004},
  publisher={Elsevier}
}

@article{Frichot_2013,
  title={Testing for associations between loci and environmental gradients using latent factor mixed models},
  author={Frichot, E and Schoville, SD and Bouchard, G and Fran{\c{c}}ois, O.},
  journal={Mol Biol Evol.},
  volume={30},
  number={7},
  pages={1687--1699},
  year={2013},
  publisher={SMBE}
}

@article{Smouse_1986,
  title={Multiple regression and correlation extensions of the {M}antel test of matrix correspondence},
  author={Smouse, PE and Long, JC and Sokal, RR.},
  journal={Syst Zoo.},
  volume={35},
  pages={627--632},
  year={1986},
  publisher={JSTOR}
}

@article{Hohenlohe_2010,
  title={Population genomics of parallel adaptation in threespine stickleback using sequenced RAD tags},
  author={Hohenlohe, PA and Bassham, S and Etter, PD and Stiffler, N and Johnson, EA and Cresko, WA.},
  journal={PLoS genetics},
  volume={6},
  number={2},
  pages={e1000862},
  year={2010},
  publisher={Public Library of Science}
}

@article{Simonson_2010,
  title={Genetic evidence for high-altitude adaptation in Tibet},
  author={Simonson, TS and Yang, Y and Huff, CD and Yun, H and Qin, G and Witherspoon, DJ and Bai, Z and Lorenzo, FR and Xing, J and Jorde, LB and others},
  journal={Science},
  volume={329},
  number={5987},
  pages={72--75},
  year={2010},
  publisher={American Association for the Advancement of Science}
}


@article{1000Genomes_2010,
  title={A map of human genome variation from population-scale sequencing},
  author={{1000 Genomes Project Consortium}.},
  journal={Nature},
  volume={467},
  number={7319},
  pages={1061--1073},
  year={2010},
  publisher={Nature Publishing Group}
}

@article{Hapmap_2003,
  title={The international HapMap project},
  author={Gibbs, RA and Belmont, JW and Hardenbol, P and Willis, TD and Yu, F and Yang, H and Chang, LY and Huang, W and Liu, B and Shen, Y and others},
  journal={Nature},
  volume={426},
  number={6968},
  pages={789--796},
  year={2003},
  publisher={Nature Publishing Group}
}

@article{Cavalli-Sforza_2005,
  title={The human genome diversity project: past, present and future},
  author={Cavalli-Sforza, LL.},
  journal={Nat Rev Genet.},
  volume={6},
  number={4},
  pages={333--340},
  year={2005},
  publisher={Nature Publishing Group}
}


@article{Manel_2003,
  title={Landscape genetics: combining landscape ecology and population genetics},
  author={Manel, S and Schwartz, MK and Luikart, G and Taberlet, P.},
  journal={Trends Eco Evol.},
  volume={18},
  number={4},
  pages={189--197},
  year={2003},
  publisher={Elsevier}
}

@article{Luikart_2003,
  title={The power and promise of population genomics: from genotyping to genome typing},
  author={Luikart, G and England, PR and Tallmon, D and Jordan, S and Taberlet, P.},
  journal={Nat Rev Genet.},
  volume={4},
  number={12},
  pages={981--994},
  year={2003},
  publisher={Nature Publishing Group}
}

@article{Patterson_2012,
author = {Patterson, Nick J. and Moorjani, P and Luo, Y and Mallick, S and Rohland, N and Zhan, Y and Genschoreck, T and Webster, T and Reich, D.}, 
title = {Ancient Admixture in Human History}, 
year = {2012}, 
  volume={192},
  number={3},
  pages={1065--1093},
doi = {10.1534/genetics.112.145037}, 
URL = {http://www.genetics.org/content/early/2012/09/06/genetics.112.145037.abstract}, 
eprint = {http://www.genetics.org/content/early/2012/09/06/genetics.112.145037.full.pdf+html}, 
journal = {Genetics} 
}

@article{Meirmans_2012, title={The trouble with isolation by distance.}, volume={21}, url={http://www.ncbi.nlm.nih.gov/pubmed/22574758}, number={12}, journal={Mol Ecol.}, author={Meirmans, PG.}, year={2012}, pages={2839--46}}

@article{Jombartb_2008, title={Revealing cryptic spatial patterns in genetic variability by a new multivariate method.}, volume={101}, url={http://www.ncbi.nlm.nih.gov/pubmed/18446182}, number={1}, journal={Heredity}, publisher={Nature Publishing Group}, author={Jombart, T and Devillard, S and Dufour, AB and Pontier, D.}, year={2008}, pages={92--103}}


@article{Novembre_2008, title={Interpreting principal component analyses of spatial population genetic variation.}, volume={40}, url={http://www.ncbi.nlm.nih.gov/pubmed/18425127}, number={5}, journal={Nature Genetics}, publisher={Nature Publishing Group}, author={Novembre, J and Stephens, M.}, year={2008}, pages={646--649}}

@article{Francois_2010, title="Spatially explicit Bayesian clustering models in population genetics", volume="10", url="http://blackwell-synergy.com/doi/abs/10.1111/j.1755-0998.2010.02868.x",  journal="Mol Ecol Resour.", author="Fran\c{c}ois, O and Durand, E.", year="2010", pages="773--784"}

@article{FrancoisMBE_2010, title={Principal component analysis under population genetic models of range expansion and admixture.}, volume={27}, url={http://www.ncbi.nlm.nih.gov/pubmed/20097660}, number={6}, journal={Mol Biol Evol.}, publisher={SMBE}, author={Fran\c{c}ois, O and Currat, M and Ray, N and Han, E and Excoffier, L and Novembre, J.}, year={2010}, pages={1257--68}}

@article{Borcard_2002, title={All-scale spatial analysis of ecological data by means of principal coordinates of neighbour matrices}, volume={153}, url={http://linkinghub.elsevier.com/retrieve/pii/S0304380001005014}, number={1-2}, journal={Ecol Model.}, publisher={Elsevier}, author={Borcard, D and Legendre, P.}, year={2002}, pages={51--68}}

@article{Borcard_2004, title={Dissecting the spatial structure of ecological data at multiple scales}, volume={85}, number={7}, journal={Ecology}, author={Borcard, D and Legendre, P and Avois-Jacquet, C and Tuomisto, H.}, year={2004}, pages={1826--1832}}

@article{Dray_2006, title={Spatial modelling: a comprehensive framework for principal coordinate analysis of neighbour matrices ({PCNM})}, volume={196}, url={http://linkinghub.elsevier.com/retrieve/pii/S0304380006000925}, number={3-4}, journal={Ecol Model.}, publisher={Elsevier}, author={Dray, S and Legendre, P and Peresneto, P.}, year={2006}, pages={483--493}}

@article{Diaconis_2008, title={Horseshoes in multidimensional scaling and local kernel methods}, volume={2}, url={http://arxiv.org/abs/0811.1477}, number={3}, journal={Ann Appl Stat.}, publisher={Institute of Mathematical Statistics}, author={Diaconis, P and Goel, S and Holmes, S.}, year={2008}, pages={777--807}}


@article{Legendre_2001, title={Ecologically meaningful transformations for ordination of species data}, volume={129}, url={http://www.springerlink.com/openurl.asp?genre=article&id=doi:10.1007/s004420100716}, number={2}, journal={Oecologia}, publisher={Springer}, author={Legendre, P and Gallagher, E.}, year={2001}, pages={271--280}}

@article{Engelhardt_2010, title="Analysis of Population Structure: a Unifying Framework and Novel Methods Based on Sparse Factor Analysis", volume="6", url="http://dx.plos.org/10.1371/journal.pgen.1001117",  journal="PLoS Genet.", publisher="Public Library of Science", author="Engelhardt, BE and Stephens, M", editor="Walsh, BruceEditor", year="2010", pages="12"}

@book{Jolliffe_1986,
  abstract = "seems like a great book on PCA -
it shows the connection between PCA and SVD;
talks about how to choose the number of eigenvectors to keep;
discusses outlier detection;
uses PCA for stock prices (Dow Jones)",
  added-at = "2007-12-09T20:51:37.000+0100",
  author = "Jolliffe, I T",
  biburl = "http://www.bibsonomy.org/bibtex/21b71c6fb66b439679c9e0974777a8677/marymcglo",
  contents = "(not listed)",
  interhash = "2d412ce0d00e97ad8c2bdbeb053a4977",
  intrahash = "1b71c6fb66b439679c9e0974777a8677",
  keywords = "imported",
  publisher = "New York (NY): Springer Verlag",
  timestamp = "2007-12-09T20:51:37.000+0100",
  title = "Principal Component  Analysis",
  year = 1986
}

@article{Patterson_2006, title="Population Structure and Eigenanalysis", volume="2", url="http://www.pubmedcentral.nih.gov/articlerender.fcgi?artid=1713260&tool=pmcentrez&rendertype=abstract", journal="PLoS Genet.", publisher="Public Library of Science", author="Patterson, N and Price, AL and Reich, D", editor="Allison, David BEditor", year="2006", pages="20"}

@article{McVean_2009, title={A Genealogical Interpretation of Principal Components Analysis}, volume={5}, url={http://www.ncbi.nlm.nih.gov/pubmed/19834557}, number={10}, journal={PLoS Genet.}, publisher={Public Library of Science}, author={McVean, G.}, editor={Przeworski, MollyEditor}, year={2009}, pages={10}}


@article{Gower_1967, title={Multivariate Analysis and Multidimensional Geometry}, volume={17}, url={http://links.jstor.org/sici?sici=0039-0526%281967%2917%3A1%3C13%3AMAAMG%3E2.0.CO%3B2-O&origin=crossref}, number={1}, journal={The Statistician}, author={Gower, JC.}, year={1967}, pages={13--28}}


@article{Tipping_1999, title={Probabilistic principal component analysis}, volume={61}, url={http://www3.interscience.wiley.com/cgi-bin/fulltext/119099509/PDFSTART}, number={3}, journal={J R Stat Soc B.}, publisher={Wiley-Blackwell}, author={Tipping, ME and Bishop, CM.}, year={1999}, pages={611--622}}

@article{Durand_2009, title="Spatial inference of admixture proportions and secondary contact zones.", volume="26", url="http://www.ncbi.nlm.nih.gov/pubmed/19461114",  journal="Mol Biol Evol.", publisher="OXFORD UNIV PRESS", author="Durand, E and Jay, F and Gaggiotti, OE and Fran\c{c}ois, O", year="2009", pages="1963--1973"}

@book{Cressie_1993, title={Statistics for spatial data}, volume={ }, url={http://www.amazon.ca/exec/obidos/redirect?tag=citeulike09-20&path=ASIN/0471002550}, journal={Terra Nova}, publisher={Revised ed. New York (NY): Wiley.}, author={Cressie, N A C}, year={1993}, pages={900}}

@article{Wright_1943, title={Isolation by distance}, volume={28}, url={http://www.pubmedcentral.nih.gov/articlerender.fcgi?artid=1209196&tool=pmcentrez&rendertype=abstract}, number={2}, journal={Genetics}, publisher={Genetics Soc America}, author={Wright, S.}, editor={Chakravarti, AEditor}, year={1943}, pages={114--138}}

@article{Kimura_1964, title={The Stepping Stone Model of Population Structure and the Decrease of Genetic Correlation with Distance.}, volume={49}, url={http://www.ncbi.nlm.nih.gov/pubmed/11841176}, number={4}, journal={Genetics}, publisher={Genetics Soc America}, author={Kimura, M and Weiss, GH.}, year={1964}, pages={561--576}}

@article{Rousset_1997, title={Genetic differentiation and estimation of gene flow from {F}-statistics under isolation by distance}, volume={145}, url={http://www.genetics.org/cgi/content/abstract/145/4/1219}, number={4}, journal={Genetics}, publisher={Genetics Society of America}, author={Rousset, F.}, year={1997}, pages={1219--1228}}

@article{Arenas_2011, title={Consequences of Range Contractions and Range Shifts on Molecular Diversity.}, volume={29}, url={http://www.ncbi.nlm.nih.gov/pubmed/21778191}, number={1}, journal={Mol Biol Evol.}, author={Arenas, M and Ray, N and Currat, M and Excoffier, L.}, year={2011}, pages={207--218}}

@book{Malecot_1948, title="Les Math\'ematiques de l'H\'er\'edit\'e", publisher="Paris: Masson", author="Mal\'ecot, G", year="1948", pages="vi+63 pp"}

@article{Hudson_2002, title={Generating samples under a {W}right-{F}isher neutral model of genetic variation.}, volume={18}, url={http://bioinformatics.oxfordjournals.org/cgi/content/abstract/18/2/337}, number={2}, journal={Bioinformatics}, publisher={Oxford Univ Press}, author={Hudson, RR.}, year={2002}, pages={337--338}}

@book{Mardia_1979, title={Multivariate Analysis}, volume={ }, url={http://www.amazon.com/dp/0124712525}, journal={Analysis}, publisher={London: Academic Press}, author={Mardia, KV and Kent, JT and Bibby, JM.}, year={1979}, pages={1927--1940}}

@article{Powell_2007, title={The population history of the {X}ibe in northern {C}hina: a comparison of autosomal, mt{DNA} and {Y}-chromosomal analyses of migration and gene flow.}, volume={1}, url={http://www.ncbi.nlm.nih.gov/pubmed/19083740}, number={2}, journal={Forensic Sci Int-Gen.}, author={Powell, GT and Yang, H and Tyler-Smith, C and Xue, Y.}, year={2007}, pages={115--119}}

@article{Ahmed_1974, title={Discrete Cosine Transfom}, volume={C-23}, url={http://ieeexplore.ieee.org/xpls/abs_all.jsp?arnumber=1672377}, number={1}, journal={IEEE T Comput.}, publisher={IEEE}, author={Ahmed, N and Natarajan, T and Rao, KR.}, year={1974}, pages={90--93}}


@article{Rosenberg_2002, title={Genetic Structure of Human Populations}, journal={Science}, author={Rosenberg, NA and Pritchard, JK and Weber, JL and Cann, HM and Kidd, KK and Zhivotovsky, LA and Feldman, MW.}, year={2002}, volume={298}, number={5602},pages={2381--2385}}

@article{Zhang_2007, title={Genetic studies of human diversity in {E}ast {A}sia}, volume={362}, url={http://www.pubmedcentral.nih.gov/articlerender.fcgi?artid=2435565&tool=pmcentrez&rendertype=abstract}, number={1482}, journal={Philos T Roy Soc B.}, publisher={The Royal Society}, author={Zhang, F and Su, B and Zhang, Y and Jin, L.}, year={2007}, pages={987--996}}


@article{Prugnolle_2005, title={Pathogen-driven selection and worldwide {HLA} class {I} diversity.}, volume={15}, url={http://www.ncbi.nlm.nih.gov/pubmed/15936272}, number={11}, journal={Curr Biol.}, publisher={Elsevier}, author={Prugnolle, F and Manica, A and Charpentier, M and Guégan, JF and Guernier, V and Balloux, F.}, year={2005}, pages={1022--1027}}

@article{Young_2005, title={Differential Susceptibility to Hypertension Is Due to Selection during the Out-of-{A}frica Expansion}, volume={1}, url={http://www.pubmedcentral.nih.gov/articlerender.fcgi?artid=1342636&tool=pmcentrez&rendertype=abstract}, number={6}, journal={Plos Genet.}, publisher={Public Library of Science}, author={Young, JH and Chang, YC and Kim, JD and Chretien, JP and Klag, MJ and Levine, MA and Ruff, CB and Wang, NY and Chakravarti, A.}, editor={Przeworski, MollyEditor}, year={2005}, pages={9}}

@article{Berry_1993, title={Molecular Analysis of an Allozyme Cline: Alcohol Dehydrogenase in \textit{Drosophila melanogaster} on the {E}ast {C}oast of {N}orth {A}merica}, volume={134}, url={http://www.pubmedcentral.nih.gov/articlerender.fcgi?artid=1205523&tool=pmcentrez&rendertype=abstract}, number={3}, journal={Genetics}, author={Berry, A and Kreitman, M.}, year={1993}, pages={869--893}}

@book{Legendre_2012, title={Numerical ecology}, url={http://books.google.com/books?hl=en&lr=&id=KBoHuoNRO5MC&oi=fnd&pg=PP1&dq=Numerical+Ecology&ots=9t36Ramx9v&sig=iGNZ23kR2sZytZmliKt0ObQqK_s}, journal={Numerical Ecology Third English Edition}, publisher={3rd English ed. Amsterdam: Elsevier.}, author={Legendre, P and Legendre, L.}, year={2012}, pages={853}}

@article{Eden_2009, title={{GO}rilla: a tool for discovery and visualization of enriched {GO} terms in ranked gene lists}, volume={10}, url={http://www.ncbi.nlm.nih.gov/pubmed/19192299}, number={1}, journal={BMC Bioinformatics}, publisher={BioMed Central}, author={Eden, E and Navon, R and Steinfeld, I and Lipson, D and Yakhini, Z.}, year={2009}, pages={48}}

@article{Thibert-Plante_2010, title={When can ecological speciation be detected with neutral loci?}, volume={19}, url={http://www.ncbi.nlm.nih.gov/pubmed/20465581}, number={11}, journal={Mol Ecol.}, publisher={WILEY-BLACKWELL PUBLISHING, INC}, author={Thibert-Plante, X and Hendry, AP.}, year={2010}, pages={2301--2314}}

@article{Zhou_2012, title={Genome-wide efficient mixed-model analysis for association studies}, volume={44}, url={http://www.nature.com/doifinder/10.1038/ng.2310}, number={7}, journal={Nat Genet.}, publisher={Nature Publishing Group}, author={Zhou, X and Stephens, M.}, year={2012}, pages={821--4}}

@article{Nei_1972, title={Genetic distance between populations}, volume={106}, url={http://www.journals.uchicago.edu/doi/abs/10.1086/282771}, number={949}, journal={Am Nat.}, publisher={JSTOR}, author={Nei, M.}, year={1972}, pages={283--292}}

@article{Harmon_2010, title={Poor statistical performance of the {M}antel test in phylogenetic comparative analyses.}, volume={64}, url={http://www.ncbi.nlm.nih.gov/pubmed/20163450}, number={7}, journal={Evolution}, publisher={Blackwell Publishing Inc}, author={Harmon, LJ and Glor, RE.}, year={2010}, pages={2173--2178}}

@article{Pavlidis_2012,
author = {Pavlidis, P and Jensen, JD and Stephan, W and Stamatakis, A.},
title = {A Critical Assessment of Storytelling: gene Ontology Categories and the Importance of Validating Genomic Scans},
volume = {29},
number = {10},
pages = {3237-3248},
year = {2012},
doi = {10.1093/molbev/mss136},
abstract ={In the age of whole-genome population genetics, so-called genomic scan studies often conclude with a long list of putatively selected loci. These lists are then further scrutinized to annotate these regions by gene function, corresponding biological processes, expression levels, or gene networks. Such annotations are often used to assess and/or verify the validity of the genome scan and the statistical methods that have been used to perform the analyses. Furthermore, these results are frequently considered to validate “true-positives” if the identified regions make biological sense a posteriori. Here, we show that this approach can be potentially misleading. By simulating neutral evolutionary histories, we demonstrate that it is possible not only to obtain an extremely high false-positive rate but also to make biological sense out of the false-positives and construct a sensible biological narrative. Results are compared with a recent polymorphism data set from Drosophila melanogaster.},
URL = {http://mbe.oxfordjournals.org/content/29/10/3237.abstract},
eprint = {http://mbe.oxfordjournals.org/content/29/10/3237.full.pdf+html},
journal = {Mol Biol Evol.}
}

@ARTICLE{Frichot_2012,
AUTHOR={Frichot, E and Schoville, SD  and  Bouchard, G and  Fran\c{c}ois, O.},   
TITLE={Correcting principal component maps for effects of spatial autocorrelation in population genetic data},      
JOURNAL={Front Genet.},      
VOLUME={3:254},      
YEAR={2012},      
NUMBER={254},     
URL={http://www.frontiersin.org/applied_genetic_epidemiology/10.3389/fgene.2012.00254/abstract},       
DOI={10.3389/fgene.2012.00254},      
ISSN={1664-8021},      
}

@article{Kelley_2006,
author = {Kelley, JL and Madeoy, J and Calhoun, JC and Swanson, W and Akey, JM.}, 
title = {Genomic signatures of positive selection in humans and the limits of outlier approaches},
volume = {16}, 
number = {8}, 
pages = {980-989}, 
year = {2006}, 
doi = {10.1101/gr.5157306}, 
URL = {http://genome.cshlp.org/content/16/8/980.abstract}, 
eprint = {http://genome.cshlp.org/content/16/8/980.full.pdf+html}, 
journal = {Genome Res.} 
}

@article{Chen_2007, title={Bayesian clustering algorithms ascertaining spatial population structure: a new computer program and a comparison study}, volume={7}, url={http://www.blackwell-synergy.com/doi/abs/10.1111/j.1471-8286.2007.01769.x}, number={5}, journal={Mol Ecol Notes}, publisher={Oxford, England: Blackwell Science, c2001-c2007.}, author={Chen, C and Durand, E and Forbes, F and Fran\c{c}ois, O.}, year={2007}, pages={747--756}}


@article{Carvalho_2008, title={High-Dimensional Sparse Factor Modeling: applications in Gene Expression Genomics}, volume={103}, url={http://pubs.amstat.org/doi/abs/10.1198/016214508000000869}, number={484}, journal={J Am Stat Assoc.}, publisher={ASA}, author={Carvalho, CM and Chang, J and Lucas, JE and Nevins, JR and Wang, Q and West, M.}, year={2008}, pages={1438--1456}}

@article{West_2003,
  title={Bayesian factor regression models in the "large p, small n" paradigm},
  author={West, M.},
  journal={Bayes Stat.},
  volume={7},
  number={2003},
  pages={723--732},
  year={2003},
  publisher={Citeseer}
}

@book{Darwin_1859, title={On the origin of species by means of natural selection, or the preservation of favoured races in the struggle for life}, journal={London:}, publisher={London: John Murray}, author={Darwin, C.},  year={1859}}

@article{Schoville_2012,
author = {Schoville, SD and Bonin, A and Fran\c{c}ois, O and Lobreaux, S and Melodelima, C and Manel, S.},
title = {Adaptive Genetic Variation on the Landscape: Methods and Cases},
journal = {Annu Rev Ecol Syst.},
volume = {43},
number = {1},
pages = {23-43},
year = {2012},
doi = {10.1146/annurev-ecolsys-110411-160248},
URL = {http://www.annualreviews.org/doi/abs/10.1146/annurev-ecolsys-110411-160248},
eprint = {http://www.annualreviews.org/doi/pdf/10.1146/annurev-ecolsys-110411-160248}
}

@article{Parmesan_2006, title={Ecological and Evolutionary Responses to Recent Climate Change}, volume={37}, number={1}, journal={Annu Rev Ecol Syst.}, publisher={Annual Reviews}, author={Parmesan, C.}, year={2006}, pages={637--669}}

@article{Storz_2010, title={Integrating evolutionary and functional approaches to infer adaptation at specific loci}, volume={64}, number={9}, journal={Evolution}, publisher={The Society for the Study of Evolution}, author={Storz, JF and Wheat, CW.}, year={2010}, pages={2489--2509}}

@article{Manel_2010, title={Perspectives on the use of landscape genetics to detect genetic adaptive variation in the field.}, volume={19}, number={17}, journal={Mol Ecol.}, publisher={Blackwell Publishing Ltd}, author={Manel, S and Joost, S and Epperson, BK and Holderegger, R and Storfer, A and Rosenberg, MS and Scribner, KT and Bonin, A and Fortin, MJ.}, year={2010}, pages={3760--3772}}

@article{Nielsen_2005, title={Molecular signatures of natural selection.}, volume={39}, number={1}, journal={Annu Rev Genet.}, publisher={Annual Reviews}, author={Nielsen, R.}, editor={Montgomery, W LEditor}, year={2005}, pages={197--218}}

@article{Storz_2005, title={Using genome scans of {DNA} polymorphism to infer adaptive population divergence.}, volume={14}, number={3}, journal={Mol Ecol.}, publisher={Wiley Online Library}, author={Storz, JF.}, year={2005}, pages={671--688}}

@article{Beaumont_1996, title={Evaluating Loci for Use in the Genetic Analysis of Population Structure}, volume={263}, number={1377}, journal={P Roy Soc B-Bio Sci.}, publisher={JSTOR}, author={Beaumont, MA and Nichols, RA.}, year={1996}, pages={1619--1626}}

@article{Beaumont_2004, title={Identifying adaptive genetic divergence among populations from genome scans}, volume={13}, number={4}, journal={Mol Ecol.}, publisher={BLACKWELL PUBLISHING LTD}, author={Beaumont, MA and Balding, DJ.}, year={2004}, pages={969--980}}

@article{Akey_2009, title={Constructing genomic maps of positive selection in humans: where do we go from here?}, volume={19}, number={5}, journal={Genome Res.}, author={Akey, JM.}, year={2009}, pages={711--722}}

@article{Novembre_2009, title={Spatial patterns of variation due to natural selection in humans.}, volume={10}, number={11}, journal={Nat Rev Genet.}, publisher={Nature Publishing Group}, author={Novembre, J and Di Rienzo, A.}, year={2009}, pages={745--755}}

@article{Hancock_2008, title={Adaptations to Climate in Candidate Genes for Common Metabolic Disorders},author={Hancock, AM and Witonsky, DB and Gordon, AS and Eshel, G and Pritchard, JK and Coop, G and Di Rienzo, A.}, volume={4}, number={2}, journal={PLoS Genet.}, publisher={Public Library of Science}, editor={Petrov, Dmitri AEditor}, year={2008}, pages={13}}

@article{Coop_2010, title={Using Environmental Correlations to Identify Loci Underlying Local Adaptation}, volume={185}, number={4}, journal={Genetics}, publisher={Genetics.}, author={Coop, G and Witonsky, D and Di Rienzo, A and Pritchard, JK.}, year={2010}, pages={1411--1423}}

@book{Endler_1977, title={Geographic variation, speciation, and clines.}, journal={Princeton, N.J.:}, publisher={Princeton (NJ): Princeton University Press}, author={Endler, JA.},  year={1977}}

@article{Haldane_1948, title={The theory of a cline}, volume={48}, url={http://www.springerlink.com/index/F37743140767K133.pdf}, number={3}, journal={J Genet.}, author={Haldane, JBS.}, year={1948}, pages={277--284}}

@article{Eckert_2010, title={Back to nature: ecological genomics of Loblolly Pine (\textit{Pinus taeda}, {P}inaceae).}, volume={19}, url={http://www.ncbi.nlm.nih.gov/pubmed/20723060}, number={17}, journal={Mol Ecol.}, publisher={Blackwell Publishing Ltd}, author={Eckert, AJ and Bower, AD and Gonz\`alez-Mart\`inez, SC and Wegrzyn, JL and Coop, G and Neale, DB.}, year={2010}, pages={3789--3805}}

@article{Lenormand_2002, title={Gene flow and the limits to natural selection}, volume={17}, number={4}, author={Lenormand, T.}, year={2002}, journal={Trends Ecol Evol.},pages={183--189}}

@article{Hancock_2011, title={Adaptations to Climate-Mediated Selective Pressures in Humans}, volume={7}, number={4}, journal={PLoS Genet.}, publisher={Public Library of Science}, author={Hancock, AM and Witonsky, DB and Alkorta-Aranburu, G and Beall, CM and Gebremedhin, A and Sukernik, R and Utermann, G and Pritchard, JK and Coop, G and Di Rienzo, A.}, editor={Nachman, Michael WEditor}, year={2011}, pages={16}}

@article{Fumagalli_2011, title={Signatures of Environmental Genetic Adaptation Pinpoint Pathogens as the Main Selective Pressure through Human Evolution}, volume={7}, url={http://dx.plos.org/10.1371/journal.pgen.1002355}, number={11}, journal={PLoS Genet.}, publisher={Public Library of Science}, author={Fumagalli, M and Sironi, M and Pozzoli, U and Ferrer-Admettla, A and Pattini, L and Nielsen, R.}, editor={Akey, Joshua MEditor}, year={2011}, pages={e1002355}}

@article{Salakhutdinov_2008, title={Bayesian probabilistic matrix factorization using {M}arkov chain {M}onte {C}arlo.}, volume={25}, url={http://discovery.ucl.ac.uk/63251/}, number={6}, journal={ICML 2008}, publisher={ACM}, author={Salakhutdinov, R and Mnih, A.}, year={2008}, pages={880--887}}

@article{Price_2006, title={Principal components analysis corrects for stratification in genome-wide association studies}, volume={38}, number={8}, journal={Nat Genet.}, publisher={Nature Publishing Group}, author={Price, AL and Patterson, NJ and Plenge, RM and Weinblatt, ME and Shadick, NA and Reich, D.}, year={2006}, pages={904--909}}

@article{Eckart_1936, title={The approximation of one matrix by another of lower rank}, volume={1}, url={http://www.springerlink.com/content/9v4274h33h75lq24}, number={3}, journal={Psychometrika}, publisher={Springer}, author={Eckart, C and Young, G.}, year={1936}, pages={211--218}}

@article{Joost_2007, title={A spatial analysis method ({SAM}) to detect candidate loci for selection: Towards a landscape genomics approach to adaptation.}, volume={16}, url={http://www.ncbi.nlm.nih.gov/pubmed/17850556}, number={18}, journal={Mol Ecol.}, publisher={Oxford: Blackwell Scientific Publications, c1992-}, author={Joost, S and Bonin, A and Bruford, MW and Despr\'es, L and Conord, C and Erhardt, G and Taberlet, P.}, year={2007}, pages={3955--3969}}

@article{Francois_2006, title={Bayesian clustering using hidden Markov random fields in spatial population genetics.}, volume={174}, number={2}, journal={Genetics.}, publisher={Copyright © 2006 by the Genetics Society of America}, author={Fran\c{c}ois, O and Ancelet, S and Guillot, G.}, year={2006}, pages={805--816}}

@article{Li_2008, title={Worldwide human relationships inferred from genome-wide patterns of variation.}, volume={319}, url={http://www.ncbi.nlm.nih.gov/pubmed/18292342}, number={5866}, journal={Science}, publisher={AAAS}, author={Li, JZ and Absher, DM and Tang, H and Southwick, AM and Casto, AM and Ramachandran, S and Cann, HM and Barsh, GS and Feldman, M and Cavalli-Sforza, LL and Myers, RM.}, year={2008}, pages={1100--1104}}

@article{Hijmans_2005, title={Very high resolution interpolated climate surfaces for global land areas}, volume={25}, url={http://doi.wiley.com/10.1002/joc.1276}, number={15}, journal={Int J Climatol.}, publisher={Chichester; New York: Wiley, 1989-}, author={Hijmans, RJ and Cameron, SE and Parra, JL and Jones, PG and Jarvis, A.}, year={2005}, pages={1965--1978}}

@article{Hindorff_2009, title={Potential etiologic and functional implications of genome-wide association loci for human diseases and traits}, volume={106}, number={23}, journal={P Natl Acad Sci USA.}, publisher={National Academy of Sciences}, author={Hindorff, LA and Sethupathy, P and Junkins, HA and Ramos, EM and Mehta, JP and Collins, FS and Manolio, TA.}, year={2009}, pages={9362--9367}}

@article{Alexander_2011, title={Enhancements to the {ADMIXTURE} algorithm for individual ancestry estimation}, volume={12}, url={http://www.ncbi.nlm.nih.gov/pubmed/21682921}, number={1}, journal={BMC Bioinformatics}, publisher={BioMed Central}, author={Alexander, DH and Lange, K.}, year={2011}, pages={246}}

@article{Jay_2011, title={Predictions of Native American Population Structure Using Linguistic Covariates in a Hidden Regression Framework}, volume={6}, number={1}, journal={PLoS ONE.}, publisher={Public Library of Science}, author={Jay, F and Fran\c{c}ois, O and Blum, MGB.}, editor={Mailund, ThomasEditor}, year={2011}, pages={11}}

@article{Bell_2007, title={Scalable Collaborative Filtering with Jointly Derived Neighborhood Interpolation Weights}, volume={07}, url={http://ieeexplore.ieee.org/lpdocs/epic03/wrapper.htm?arnumber=4470228}, number={1}, journal={IEEE Data Mining}, publisher={Ieee}, author={Bell, RM and Koren, Y.}, year={2007}, pages={43--52}}

@article{Lawson_2012a,
    author = {Lawson, DJ and Hellenthal, G and Myers, S and Falush, D.},
    journal = {PLoS Genet.},
    publisher = {Public Library of Science},
    title = {Inference of Population Structure using Dense Haplotype Data},
    year = {2012},
    volume = {8},
    url = {http://dx.doi.org/10.1371%2Fjournal.pgen.1002453},
    pages = {e1002453},
    abstract = {<title>Author Summary</title>        <p>The first step in almost every genetic analysis is to establish how sample members are related to each other. High relatedness between individuals can arise if they share a small number of recent ancestors, e.g. if they are distant cousins or a larger number of more distant ones, e.g. if their ancestors come from the same region. The most popular methods for investigating these relationships analyse successive markers independently, simply adding the information they provide. This works well for studies involving hundreds of markers scattered around the genome but is less appropriate now that entire genomes can be sequenced. We describe a “chromosome painting” approach to characterising shared ancestry that takes into account the fact that DNA is transmitted from generation to generation as a linear molecule in chromosomes. We show that the approach increases resolution relative to previous techniques, allowing differences in ancestry profiles among individuals to be resolved at the finest scales yet. We provide mathematical, statistical, and graphical machinery to exploit this new information and to characterize relationships at continental, regional, local, and family scales.</p>},
    number = {1},
    doi = {10.1371/journal.pgen.1002453}
}        

@article{Pritchard_2010, title={The genetics of human adaptation: hard sweeps, soft sweeps, and polygenic adaptation.}, volume={20}, number={4}, journal={Curr Biol.}, publisher={Elsevier Ltd}, author={Pritchard, JK and Pickrell, JK and Coop, G.}, year={2010}, pages={208--215}}

@article{Yu_2006, title={A unified mixed-model method for association mapping that accounts for multiple levels of relatedness.}, volume={38}, url={http://www.ncbi.nlm.nih.gov/pubmed/16380716}, number={2}, journal={Nat Genet.}, publisher={Nature Publishing Group}, author={Yu, J and Pressoir, G and Briggs, WH and Vroh Bi, I and Yamasaki, M and Doebley, JF and McMullen, MD and Gaut, BS and Nielsen, DM and Holland, JB and Kresovich, S and Buckler, ES.}, year={2006}, pages={203--208}}

@article{Wasser_2007, title={Using {DNA} to track the origin of the largest ivory seizure since the 1989 trade ban.}, volume={104}, number={10}, journal={P natl acad sci Usa.}, publisher={National Academy of Sciences}, author={Wasser, SK and Mailand, C and Booth, R and Mutayoba, B and Kisamo, E and Clark, B and Stephens, M.}, year={2007}, pages={4228--4233}}

@article{Hernandez_2011, title={Classic selective sweeps were rare in recent human evolution.}, volume={331}, number={6019}, journal={Science.}, publisher={American Association for the Advancement of Science}, author={Hernandez, RD and Kelley, JL and Elyashiv, E and Melton, SC and Auton, A and McVean, G and Sella, G and Przeworski, M.}, year={2011}, pages={920--924}}

@article{Wasser_2004, title={Assigning African elephant {DNA} to geographic region of origin: Applications to the ivory trade}, volume={101}, number={41}, journal={P natl acad sci usa.}, publisher={National Academy of Sciences}, author={Wasser, SK and Shedlock, AM and Comstock, K and Ostrander, EA and Mutayoba, B and Stephens, M.}, year={2004}, pages={14847--14852}}

@Manual{R_2012,
    title = {R: a language and environment for statistical computing},
    author = {{R Development Core Team}.},
    organization = {Vienna: R Foundation for Statistical Computing},
    year = {2012},
    url = {http://www.R-project.org/},
}

@article{Price_2009, title={Sensitive detection of chromosomal segments of distinct ancestry in admixed populations.}, volume={5}, number={6}, journal={PLoS Genet.}, publisher={Public Library of Science}, author={Price, AL and Tandon, A and Patterson, N and Barnes, KC and Rafaels, N and Ruczinski, I and Beaty, TH and Mathias, R and Reich, D and Myers, S.}, editor={Pritchard, Jonathan KEditor}, year={2009}, pages={e1000519}}

@article{Jay_2012,
title={Forecasting changes in population genetic structure of alpine plants in response to global warming.},
author={Jay, F and Manel, S and Alvarez, N and Durand, EY and Thuiller, W and Holderegger, R and Taberlet, P and Fran\c{c}ois, O.},
journal={Mol Ecol.},
volume={21},
number={10},
pages={2354-68},
year={2012}}

@article{Saccone_2011, title={New tools and methods for direct programmatic access to the db{SNP} relational database.}, volume={39}, number={Database issue}, journal={Nucleic Acids Res.}, publisher={Oxford University Press}, author={Saccone, SF and Quan, J and Mehta, G and Bolze, R and Thomas, P and Deelman, E and Tischfield, JA and Rice, JP.}, year={2011}, pages={901--907}}

@book{Williams_1966, title={Adaptation and Natural Selection}, volume={1996}, journal={Princeton}, publisher={Princeton (NJ): Princeton University Press}, author={Williams, GC.}, year={1966}, pages={1--19}}

@article{Hornbeck_2012, title={Phospho{S}ite{P}lus: a comprehensive resource for investigating the structure and function of experimentally determined post-translational modifications in man and mouse.}, volume={40(D1)}, journal={Nucleic Acids Res.}, author={Hornbeck, PV and Kornhauser, JM and Tkachev, S and Zhang, B and Skrzypek, E and Murray, B and Latham, V and Sullivan, M.}, year={2012}, pages={D261-D270}}

@article{Poncet_2010, title={Tracking genes of ecological relevance using a genome scan in two independent regional population samples of \textit{{A}rabis alpina}.}, volume={19}, author={Poncet, BN and Herrman, D and Gugerli, F and Taberlet, P and Holderegger, R and Gielly, L and Rioux, D and Thuiller, W and Aubert, S and Manel, S.}, number={14}, journal={Mol Ecol.}, year={2010}, pages={2896--2907}}


@article{Barrett_2011, title={Molecular spandrels: tests of adaptation at the genetic level.}, author={Barrett, RD and Hoekstra, HE.}, volume={12}, number={11}, journal={Nat Rev Genet.}, publisher={Nature Publishing Group}, year={2011}, pages={767--780}}

@article{Eastment_1982, title={Cross-validatory choice of the number of components from a principal component analysis}, author={Eastment, HT and Krzanowski, WJ.}, volume={24}, number={1}, journal={Technometrics}, publisher={AMER STATISTICAL ASSOC}, year={1982}, pages={73--77}}

@article{Wold_1978,
    author = {Wold, S.},
    citeulike-article-id = {9799095},
    journal = {Technometrics},
    keywords = {cross-validation, pr, principal-component},
    number = {4},
    pages = {397--405},
    pdf = {file://P:\Library\Full-text articles\durfee\209\Wold 1978 397.pdf},
    posted-at = {2011-09-23 20:43:27},
    priority = {0},
    title = {{Cross-Validatory estimation of the number of components in factor and principal components models}},
    volume = {20},
    year = {1978}
}

